@inproceedings{goldberg1985alleles,
  title={Alleles, loci, and the traveling salesman problem},
  author={Goldberg, David E and Lingle, Robert},
  booktitle={Proceedings of an International Conference on Genetic Algorithms and Their Applications},
  volume={154},
  year={1985},
  organization={Lawrence Erlbaum, Hillsdale, NJ}
}

@article{Deb2002:NSGA-II,
	title = {A fast and elitist multiobjective genetic algorithm: {NSGA}-{II}},
	volume = {6},
	number = {2},
	journal = {{IEEE} Transactions on Evolutionary Computation},
	author = {Deb, K. and Pratap, A. and Agarwal, S. and Meyarivan, T.},
	month = Apr,
	year = {2002},
	pages = {182--197}
}

@misc{zitzler2001spea2,
  title={SPEA2: Improving the strength Pareto evolutionary algorithm},
  author={Zitzler, Eckart and Laumanns, Marco and Thiele, Lothar and Zitzler, Eckart and Zitzler, Eckart and Thiele, Lothar and Thiele, Lothar},
  year={2001},
  publisher={Eidgen{\"o}ssische Technische Hochschule Z{\"u}rich (ETH), Institut f{\"u}r Technische Informatik und Kommunikationsnetze (TIK)}
}

@inproceedings{zitzler2004indicator,
  title={Indicator-based selection in multiobjective search},
  author={Zitzler, Eckart and K{\"u}nzli, Simon},
  booktitle={Parallel Problem Solving from Nature-PPSN VIII},
  pages={832--842},
  year={2004},
  organization={Springer}
}

@ARTICLE{6600851, 
author={Deb, K. and Jain, H.}, 
journal={Evolutionary Computation, IEEE Transactions on}, 
title={An Evolutionary Many-Objective Optimization Algorithm Using Reference-Point-Based Nondominated Sorting Approach, Part I: Solving Problems With Box Constraints}, 
year={2014}, 
month={Aug}, 
volume={18}, 
number={4}, 
pages={577-601}, 
keywords={genetic algorithms;sorting;EMO algorithms;MOEA/D methods;NSGA-II framework;NSGA-III;box constraints;evolutionary many-objective optimization algorithm;evolutionary multiobjective optimization algorithms;many-objective optimization problems;many-objective test problems;reference points;reference-point-based many-objective evolutionary algorithm;reference-point-based nondominated sorting approach;unconstrained problems;Educational institutions;Measurement;Optimization;Sociology;Statistics;Vectors;Zirconium;Evolutionary computation;Many-objective optimization;NSGA-III;evolutionary computation;large dimension;many-objective optimization;multi-criterion optimization;multicriterion optimization;non-dominated sorting;nondominated sorting}, 
doi={10.1109/TEVC.2013.2281535}, 
ISSN={1089-778X},}

@article{knowles2000approximating,
  title={Approximating the nondominated front using the Pareto archived evolution strategy},
  author={Knowles, Joshua D and Corne, David W},
  journal={Evolutionary computation},
  volume={8},
  number={2},
  pages={149--172},
  year={2000},
  publisher={MIT Press}
}



@inproceedings{liao2010evolutionary,
  title={An evolutionary approach for the selective pickup and delivery problem},
  author={Liao, Xin-Lan and Ting, Chuan-Kang},
  booktitle={Evolutionary Computation (CEC), 2010 IEEE Congress on},
  pages={1--8},
  year={2010},
  organization={IEEE}
}

@INPROCEEDINGS{5949836, 
author={Yu-Hsuan Huang and Chuan-Kang Ting}, 
booktitle={Evolutionary Computation (CEC), 2011 IEEE Congress on}, 
title={Genetic algorithm with path relinking for the multi-vehicle selective pickup and delivery problem}, 
year={2011}, 
month={June}, 
pages={1818-1825}, 
keywords={genetic algorithms;transportation;GAPR;MVSPDP;genetic algorithm;multivehicle selective pickup-and-delivery problem;path relinking;total distance minimization;travel distance;vehicle capacity;vehicle routing problem;Biological cells;Genetic algorithms;Genetics;Logistics;Maintenance engineering;Routing;Vehicles;Genetic algorithm;multi-vehicle routing;path relinking;selective pickup and delivery problem}, 
doi={10.1109/CEC.2011.5949836}, 
ISSN={Pending},}

@article{ting2013selective,
  title={The selective pickup and delivery problem: Formulation and a memetic algorithm},
  author={Ting, Chuan-Kang and Liao, Xin-Lan},
  journal={International Journal of Production Economics},
  volume={141},
  number={1},
  pages={199--211},
  year={2013},
  publisher={Elsevier}
}

@inproceedings{liao2012evolutionary,
  title={Evolutionary algorithms using adaptive mutation for the selective pickup and delivery problem},
  author={Liao, Xin-Lan and Ting, Chuan-Kang},
  booktitle={Evolutionary Computation (CEC), 2012 IEEE Congress on},
  pages={1--8},
  year={2012},
  organization={IEEE}
}

@inproceedings{bruck2012hybrid,
  title={Hybrid metaheuristic for the single vehicle routing problem with deliveries and selective pickups},
  author={Bruck, Bruno Petrato and dos Santos, Andr{\'e} Gustavo and Arroyo, Jos{\'e} Elias Claudio},
  booktitle={Evolutionary Computation (CEC), 2012 IEEE Congress on},
  pages={1--8},
  year={2012},
  organization={IEEE}
}

@article{bruck2012evolutionary,
  title={An evolutionary algorithm and a variable neighborhood descent algorithm for the single vehicle problem with deliveries and selective pickups},
  author={Bruck, Bruno Petrato and Santos, AG and Arroyo, JEC},
  journal={Proceedings of the 2012 CLAIO/SBPO (Rio de Janeiro, Brazil},
  year={2012}
}

@INPROCEEDINGS{6421345, 
author={Bruck, B.P. and dos Santos, A.G.}, 
booktitle={Hybrid Intelligent Systems (HIS), 2012 12th International Conference on}, 
title={Hybrid approach for the Multiple Vehicle Routing Problem with Deliveries and Selective Pickups}, 
year={2012}, 
month={Dec}, 
pages={265-270}, 
keywords={integer programming;linear programming;pattern clustering;vehicle routing;hybrid approach;hybrid cluster-first heuristic;mixed integer linear programming formulation;multiple vehicle routing problem with delivery and selective pickups;semigreedy solutions;Analysis of variance;Context;Hybrid intelligent systems;Mathematical model;Routing;Vehicles;combinatorial optimization;hybrid methods;vehicle routing}, 
doi={10.1109/HIS.2012.6421345},}

@article{gutierrez2010branch,
  title={A branch-and-price algorithm for the vehicle routing problem with deliveries, selective pickups and time windows},
  author={Guti{\'e}rrez-Jarpa, Gabriel and Desaulniers, Guy and Laporte, Gilbert and Marianov, Vladimir},
  journal={European Journal of Operational Research},
  volume={206},
  number={2},
  pages={341--349},
  year={2010},
  publisher={Elsevier}
}




@inproceedings{fletcher2010back,
  title={Back-tracking based sensor deployment by a robot team},
  author={Fletcher, Greg and Li, Xu and Nayak, Amiya and Stojmenovic, Ivan},
  booktitle={Sensor Mesh and Ad Hoc Communications and Networks (SECON), 2010 7th Annual IEEE Communications Society Conference on},
  pages={1--9},
  year={2010},
  organization={IEEE}
}

@article{li2014placing,
  title={Placing sensors for area coverage in a complex environment by a team of robots},
  author={Li, Xu and Fletcher, Greg and Nayak, Amiya and Stojmenovic, Ivan},
  journal={ACM Transactions on Sensor Networks (TOSN)},
  volume={11},
  number={1},
  pages={3},
  year={2014},
  publisher={ACM}
}

@incollection{magklara2013node,
  title={Node discovery and replacement using mobile robot},
  author={Magklara, Kalypso and Zorbas, Dimitrios and Razafindralambo, Tahiry},
  booktitle={Ad Hoc Networks},
  pages={59--71},
  year={2013},
  publisher={Springer}
}

@article{wanglocalized,
  title={Localized Ant Colony of Robots for Redeployment in Wireless Sensor Networks},
  author={Wang, Yuan and Barnawi, Ahmed and De Mello, Rodrigo Fernades and Stojmenovic, Ivan}
}

@inproceedings{caliskanelli2014using,
  title={Using mobile robotic agents to increase service availability and extend network lifetime on WSRNs},
  author={Caliskanelli, Ipek and Indrusiak, Leandro Soares},
  booktitle={Industrial Informatics (INDIN), 2014 12th IEEE International Conference on},
  pages={388--393},
  year={2014},
  organization={IEEE}
}

@article{miao2014coverage,
  title={Coverage Repair Strategies for Wireless Sensor Networks using Mobile Actor Based on Evolutionary Computing},
  author={Miao, Ye and Yu-Ping, Wang},
  journal={Bulletin of Electrical Engineering and Informatics},
  volume={3},
  number={3},
  pages={213--222},
  year={2014}
}


@article{li22market,
  title={Market-Based Sensor Relocation by Robot Team in Wireless Sensor Networks},
  author={LI, HAOTIAN and BARNAWI, AHMED and STOJMENOVIC, IVAN and WANG, CHENG},
  journal={Ad Hoc \& Sensor Wireless Networks},
  volume={22},
  pages={259--280}
}

@inproceedings{lian2012novel,
  title={A novel ant colony system for solving the one-commodity traveling salesman problem with selective pickup and delivery},
  author={Lian-Ming, Mou and Xi-Li, Dai},
  booktitle={Natural Computation (ICNC), 2012 Eighth International Conference on},
  pages={1096--1101},
  year={2012},
  organization={IEEE}
}

@inproceedings{falcon2010one,
  title={The one-commodity traveling salesman problem with selective pickup and delivery: An ant colony approach},
  author={Falcon, Rafael and Li, Xu and Nayak, Amiya and Stojmenovic, Ivan},
  booktitle={Evolutionary Computation (CEC), 2010 IEEE Congress on},
  pages={1--8},
  year={2010},
  organization={IEEE}
}




@article{anily1999approximation,
  title={Approximation algorithms for the capacitated traveling salesman problem with pickups and deliveries},
  author={Anily, Shoshana and Bramel, Julien},
  journal={Naval Research Logistics},
  volume={46},
  number={6},
  pages={654--670},
  year={1999},
  publisher={New York: Wiley in cooperation with the Office of Naval Research, 1987-}
}

