@inproceedings{Baldacci2009:AISTurnedOff,
title = {Transponder Anomaly Detection for Maritime Situational Awareness},
author = {A. Baldacci and M. Capelletti and C. Carthel and S. Coraluppi},
booktitle = {NATO Workshop on Data Fusion and Anomaly Detection for Maritime Situational Awareness (NATO MSA)},
month = {September},
year = {2009}
}

@article{Deb2002:NSGA-II,
	title = {A fast and elitist multiobjective genetic algorithm: {NSGA}-{II}},
	volume = {6},
	number = {2},
	journal = {{IEEE} Transactions on Evolutionary Computation},
	author = {Deb, K. and Pratap, A. and Agarwal, S. and Meyarivan, T.},
	month = Apr,
	year = {2002},
	pages = {182--197}
}

@inproceedings{Falcon2011:RiskManagement-CIMSA,
title = {An Evolving Risk Management Framework for Wireless Sensor Networks},
author = {Rafael Falcon and Rami Abielmona and Amiya Nayak},
booktitle = {Proceedings of the 2011 IEEE Int'l Conference on Computational Intelligence for Measurement Systems and Applications (CIMSA)},
month = {September},
year = {2011},
pages = {1-6},
}

@inproceedings{Falcon2012:ResponseAwareRMF-CEC,
title = {A Response-Aware Risk Management Framework for Search-and-Rescue Operations},
author = {Rafael Falcon and Rami Abielmona},
booktitle = {2012 IEEE Congress on Evolutionary Computation (CEC)},
keywords = {search and rescue; risk management; potential responses; multicriteria decision making; evolutionary multiobjective optimization},
month = {June},
year = {2012},
pages = {1540-1547}
}

@inproceedings{Falcon2014:RiskManagementHardSoft-CISDA,
title = {Risk Management with Hard-Soft Data Fusion in Maritime Domain Awareness},
author = {Rafael Falcon and Rami Abielmona and Sean Billings and Alex Plachkov and Hussein Abbass},
booktitle = {Proceedings of the 7th IEEE Symposium on Computational Intelligence for Security and Defense Applications (CISDA)},
month = {December},
year = {2014, to appear}
}

@techreport{Martineau2011:MaritimeAnomalyDetection,
  author =        {Etienne Martineau and Jean Roy},
  title =         {Maritime anomaly detection: domain introduction and review of selected literature},
  number =        {DREV-TM-2010-460},
  institution =   {Defense R\&D - Valcartier},
  month =         {October},
  year  =         {2011},
  pages =         {66},
}

@inproceedings{Roy2002:ThreatEvaluationImpactAssessment,
	title = {Threat evaluation for impact assessment in situation analysis systems},
	booktitle = {Proceedings of SPIE Vol. 4729},
	url = {http://spie.org/Publications/Proceedings/Paper/10.1117/12.477618},
	doi = {10.1117/12.477618},
	urldate = {2014-10-17},
	author = {Roy, Jean and Paradis, Stephane and Allouche, Mohamad},
	editor = {Kadar, Ivan},
	month = jul,
	year = {2002},
	pages = {329--341}
}

@inproceedings{Shao2014:VesselTrackCorrelationAssociationAISSAR,
	title = {Vessel track correlation and association using fuzzy logic and echo state networks},
	booktitle = {IEEE Congress on Evolutionary Computation (CEC)},
	author = {Shao, Hang and Abielmona, Rami and Falcon, Rafael and Japkowicz, Nathalie},
	month = {July},
	year = {2014},
	pages = {2322--2329}
}

---------------------------

@article{Abbass2011:ComputationalRedTeaming,
	title = {Computational red teaming: Past, present and future},
	volume = {6},
	number = {1},
	journal = {IEEE Computational Intelligence Magazine},
	author = {Abbass, Hussein and Bender, Alex and Gaidow, Svetoslav and Whitbread, Paul},
	month = {February},
	year = {2011},
	pages = {30--42},
}

@article{Abielmona2013:TacklingBigDataMDA-Vanguard,
	title = {Tackling big data in maritime domain awareness},
	journal = {Vanguard},
	author = {Rami Abielmona},
	month = {August-September},
	year = {2013},
	pages = {42--43},
}

@inproceedings{Blasch2005:DFIGLevel5,
	title = {{DFIG} Level 5 (User Refinement) issues supporting Situational Assessment Reasoning},
	booktitle = {International Conference on Information Fusion},
	author = {Blasch, E. and Plano, S.},
	month = {July},
	year = {2005}
}

@article{Blasch2006:IssuesAndChallengesLevel2Fusion,
	title = {Issues and Challenges in Situation Assessment (Level 2 Fusion)},
	volume = {1},
	number = {2},
	journal = {Journal of Advances in Information Fusion},
	author = {Blasch, Erik and Kadar, Ivan and Salerno, John and Kokar, Mieczyslaw M. and Powell, Gerald M. and Corkill, Daniel D. and Ruspini, Enrique H.},
	month = {December},
	year = {2006},
	pages = {122--139}		
}

@inproceedings{Blasch2010:MOE-HLIF,
	title = {Measures of effectiveness for high-level fusion},
	booktitle = {13th Conference on Information Fusion ({FUSION})},
	author = {Blasch, Erik and Valin, Pierre and Bosse, Eloi},
	month = Jul,
	year = {2010},
	pages = {1--8}
}

@inproceedings{Blasch2010:OntologyAlignmentInHSDF,
	title = {Ontology alignment in geographical hard-soft information fusion systems},
	booktitle = {13th Conference on Information Fusion ({FUSION})},
	author = {Blasch, Erik and Dorion, Eric and Valin, Pierre and Bosse, Eloi and Roy, Jean},
	month = Jul,
	year = {2010},
	pages = {26--29}
}

@article{Blasch2011:MOE-DSS,
	title = {Information fusion measures of effectiveness ({MOE}) for decision support},
	journal = {Proc. of SPIE},
	volume = {8050},
	author = {Blasch, Erik and Breton, Richard and Valin, Pierre},
	month = May,
	year = {2011},
	pages = {805011-1--805011-12}
}

@inproceedings{Blasch2012:PACE,
	title = {Pattern Activity Clustering and Evaluation ({PACE)}},
	booktitle = {SPIE 8402, Evolutionary and Bio-Inspired Computation: Theory and Applications VI},
	url = {http://adsabs.harvard.edu/abs/2012SPIE.8402E..61B},
	doi = {10.1117/12.919027},
	urldate = {2014-03-20},
	author = {Blasch, Erik and Banas, Christopher and Paul, Michael and Bussjager, Becky and Seetharaman, Guna},
	month = {May},
	year = {2012},
}

@inproceedings{Bomberger2008:AdaptiveSpatialScale,
	title = {Adaptive spatial scale for cognitively-inspired motion pattern learning \& analysis algorithms for higher-level fusion and automated scene understanding},
	booktitle = {{IEEE} Military Communications Conference},
	author = {Bomberger, {N.A.} and Rhodes, {B.J.} and Garagic, D. and Dankert, {J.R.} and Zandipour, M. and Stolzar, {L.H.} and Castanon, {G.D.} and Seibert, M.},
	year = {2008},
}

@article{Dewey2008:TimeTechnologyExploitation,
	title = {Time, Technology and Exploitation – can Future Military Command-and-Control Domination be Linked to Effective Knowledge?},
	journal = {Joint Military Operations Department Naval War College},
	author = {Dewey, Shawn and Maynard, James},
	month = {April},
	year = {2008},
}

@book{Friedman2006:NavalInstituteGuide,
	title = {The Naval Institute Guide to World Naval Weapon Systems},
	isbn = {1557502625,9781557502629},
	publisher = {Naval Institute Press},
	author = {Friedman, N.},
	year = {2006}
}

@inproceedings{Garagic2009:AdaptiveMixtureBasedNeuralNet,
	title = {Adaptive Mixture-Based Neural Network Approach for Higher-Level Fusion and Automated Behavior Monitoring},
	booktitle = {{IEEE} International Conference on Communications},
	author = {Garagic, D. and Rhodes, {B.J.} and Bomberger, {N.A.} and Zandipour, M.},
	year = {2009},
}

@inproceedings{Haslum2006:RealTimeRiskAssessmentHMM,
	title = {Real-time Risk Assessment using Continuous-time Hidden Markov Models},
	booktitle = {Proceedings of Int’l Conference on Computational Intelligence and Security},
	author = {Haslum, K. and Arnes, A.},
	month = {November},
	year = {2006},
	pages = {1536--1540},		
}

@article{IMO2013:IAMSAR,
	title = {Amendments to the International Aeronautical and Maritime Search and Rescue (IAMSAR) Manual},
	volume = {74},
	author = {{International Maritime} Organization},
	month = {February},
	year = {2013},
	pages = {1}
}

@article{ISO2009:RiskManagementPrinciples,
	title = {Risk management: Principles and Guidelines},
	number = {31000},	
	journal = {International Organization for Standardization},
	author = {ISO},
	year = {2009},
}

@article{Jakob2009:AdversarialMonitoringMaritimeDomain,
	title = {Adversarial Modeling and Reasoning in the Maritime Domain - First Year Report},
	journal = {Agent Technology Center, Department of Cybernetics, FEE Czech Technical University in Prague},
	author = {Jakob, M. and Vanek, O. and Urban, S. and Benda, P. and Pechoucek, M.},
	year = {2009},
}

@mastersthesis{Laxhammar2007:AISA,
	title = {Artificial Intelligence for Situation Assessment},
	school = {Royal Institute of Technology},
	address = {Sweden},
	author = {Laxhammar, Rikard},
	year = {2007},
	pages = {1--75}
}

@article{Lim2007:ComprehensiveMaritimeDomainAwareness,
	title = {Comprehensive Maritime Domain Awareness: an Idea Whose Time Has Come?},
	journal = {Defence, Terrorism and Security, Globalisation  and International Trade},
	author = {Lim, I. and Jau, F.},
	urldate = {2007-10-27},	
	month = {October},
	year = {2007},
}

@techreport{Mascaro2010:LearningAbnormalVesselBehaviour,
  author =        {Mascaro, Steven and Nicholson, Ann E. and Korb, Kevin B.},
  title =         {{Learning abnormal vessel behaviour from AIS data with Bayesian networks at two time scales}},
  number =        {4},
  institution =   {Bayesian Intelligence},
  month =         {August},
  year  =         {2010},
  pages =         {34}
}

@article{Mascaro2014:AnomalyDetectionVesselBayesianJournal,
	title = {{Anomaly detection in vessel tracks using Bayesian networks}},
	volume = {55},
	issn = {0888-{613X}},
	issue = {1, Part 1},
	pages = {84-98},
	number = {1},
	journal = {International Journal of Approximate Reasoning},
	author = {Mascaro, Steven and Nicholson, Ann E. and Korb, Kevin B.},
	urldate = {2013-12-22},
	year = {2014},
	keywords = {{AIS}, Anomaly detection, Bayesian networks, Machine learning, Maritime data, Models of normality}
}

@article{Merrick2005:UncertaintyMaritimeRiskAssessment,
	title = {Assessing Uncertainty in Simulation based Maritime Risk Assessment},
	volume = {25},
	number = {3},	
	journal = {Risk Analysis},
	author = {Merrick, J.R.W. and van Dorp, J.R. and Dinesh, V.},
	month = {July},
	year = {2005},
	pages = {731--743},	
}

@article{Moore2005:PredictiveAnalysisNavalDeployment,
	title = {Predictive Analysis for Naval Deployment Activities},
	number = {05-44},
	journal = {PANDA BAA},
	author = {Moore, K.E.},
	year = {2005},
}

@article{Nasa2007:SEDAC,
	title = {Percentage of Total Population Living in Coastal Areas},
	journal = {http://sedac.ciesin.columbia.edu/es/papers/Coastal\_Zone\_Pop\_Method.pdf},
	author = {{NASA Socioeconomic Data and Applications Center (SEDAC)}},
	month = {July},
	year = {2007},
}

@inproceedings{Razavi2014:TextualRiskMiningMSA-CogSIMA,
title = {{Textual risk mining for maritime situational awareness}},
author = {Razavi, Amir H. and Inkpen, Diana and Falcon, Rafael and Abielmona, Rami},
booktitle = {2014 IEEE International Inter-Disciplinary Conference on Cognitive Methods in Situation Awareness and Decision Support (CogSIMA)},
keywords = {Classification algorithms; Data mining; Feature extraction; Hidden Markov models; Markov processes; Risk management; machine learning; maritime domain awareness; maritime situational awareness; natural language processing; risk detection; sequence-based classifiers; text analysis},
month = {March},
year = {2014},
pages = {167-173}
}

@inproceedings{Ristic2008:StatAnalysisMotionPatterns,
	title = {Statistical analysis of motion patterns in {AIS} Data: Anomaly detection and motion prediction},
	booktitle = {International Conference on Information Fusion},
	author = {Ristic, B. and La Scala, B. and Morelande, M. and Gordon, N.},
	year = {2008},
}

@inproceedings{Rhodes2007:CognitivelyInspiredLearning,
	title = {Cognitively-Inspired Motion Pattern Learning \& Analysis Algorithms for Higher-Level Fusion and Automated Scene Understanding},
	booktitle = {{IEEE} Military Communications Conference},
	author = {Rhodes, {B.J.} and Bomberger, {N.A.} and Zandipour, M. and Waxman, {A.M.} and Seibert, M.},
	year = {2007},
}

@inproceedings{Roy2008:AnomalyDetectionMaritimeDomain,
	title = {Anomaly detection in the maritime domain},
	booktitle = {Proceedings of SPIE Defense and Security Symposium},
	author = {Roy, Jean},
	month = {April},
	year = {2008},
	pages = {69450W--69450W},		
}

@inproceedings{Tan2008:HMMRealTimeRisks,
	title = {Using Hidden Markov Models to Evaluate the Real-Time Risks of Network},
	booktitle = {Proceedings of IEEE Int’l Symposium on Knowledge Acquisition and Modeling Workshop},
	author = {Tan, X. and Zhang, Y. and Cui, X. and Xi, H.},
	month = {December},
	year = {2008},
	pages = {490--493},		
}

@inproceedings{Vandecasteele2013:SemiSupervisedLearningBehaviorAnalysis,
	title = {A semi-supervised learning framework based on spatio-temporal semantic events for maritime anomaly detection and behavior analysis},
	booktitle = {Proceedings {CoastGIS} 2013 Conference: Monitoring and Adapting to Change on the Coast},
	author = {Vandecasteele, Arnaud and Devillers, Rodolphe and Napoli, Aldo},
	year = {2013},
}

@article{Yang2006:CharacterizingWarfareRedTeaming,
	title = {Characterizing warfare in red teaming},
	volume = {36},
	number = {2},	
	journal = {IEEE Transactions on Systems, Man, and Cybernetics, Part B: Cybernetics},
	author = {Yang, A. and Abbass, H. and Sarker, R.},
	year = {2006},
	pages = {268--285},	
}

@article{Turban1996:ImplementingDSSs,
	title = {Implementing Decision Support Systems: a Survey},
	volume = {4},
	journal = {IEEE Transactions on Systems, Man, and Cybernetics, Part B: Cybernetics},
	author = {Turban, E.},
	year = {1996},
	pages = {2540-2545},	
}

@article{Arnott2005:CriticalAnalysisDSSResearch,
	title = {A critical analysis of Decision Support Systems research},
	volume = {20},
	number = {2},
	journal = {Journal of Information Technology},
	author = {Arnott, D. and Pervan, G.},
	year = {2005},
	pages = {67-87},	
}

@article{Shim2002:PastPresentFutureDSS,
	title = {Past, present and future of decision support technology},
	volume = {33},
	journal = {Journal Decision Support Systems - Special issue: Decision support systems: Directions for the next decade},
	author = {J.P. Shim and M. Warkentin and J.F. Courtney},
	year = {2002},
	pages = {111-126},	
}

@article{Arnott2008:EightKeyIssuesDSS,
	title = {Eight key issues for the decision support systems discipline},
	volume = {44},
	number = {3},
	journal = {Journal Decision Support Systems},
	author = {Arnott, D. and Pervan, G.},
	year = {2008},
	pages = {657-672},	
}

@article{Hwang1981:TOPSIS,
	title = {Multiple Attribute Decision Making. Methods and Applications},
	journal = {Lecture Notes in Economics and Mathematical Systems},
	author = {Hwang, C.R. and Yoon, K.},
	year = {1981},
}

@book{Lee1972:GoalProgramming,
	title = {Goal programming for decision analysis},
	author = {Lee, S.M.},
	year = {1972}
}

@book{Triantaphyllou2000:Scoring,
	title = {Multi-Criteria Decision Making: A Comparative Study},
	isbn = {0792366077},
	publisher = {Kluwer Academic Publishers},
	author = {Triantaphyllo, E.},
	year = {2000}
}

@book{Saaty1989:AHP,
	title = {Conflict Resolution: The Analytic Hierarchy Process},
	publisher = {Praeger},
	author = {Saaty, T. and Alexander, J.},
	year = {1989}
}

@book{Saaty1996:ANP,
	title = {Decision Making with Dependence and Feedback: The Analytic Network Process},
	publisher = {RWS Publications},
	author = {Saaty, T.},
	year = {1996}
}


@inproceedings{Zu2004:ER,
	title = {Making Decisions under Uncertainties using the Evidential Reasoning Approach},
	booktitle = {Proceedings of 15th Conference on Managing Uncertainty in Decision Support Models},
	author = {Zu, D.L. and Yang, J.B.},
	year = {2004},
}

@inproceedings{McCausland2013:ProactiveRiskAwareRSNCIP,
	title = {A Proactive Risk-Aware Robotic Sensor Network for Critical Infrastructure Protection},
	booktitle = {Proceedings of IEEE International Conference on Computational Intelligence and Virtual Environments for Measurement Systems and Applications CIVEMSA 2013},
	author = {Jamieson McCausland and George DiNardo and Rafael Falcon and Rami Abielmona and Voicu Groza and Emil Petriu},
	year = {2013},
}

@inproceedings{McCausland2013:RiskAwareRSN-ROSE,
title = {{Auction-based Node Selection of Optimal and Concurrent Responses for a Risk-Aware Robotic Sensor Network}},
author = {Jamieson McCausland and Rami Abielmona and Rafael Falcon and Ana-Maria Cretu and Emil Petriu},
address = {Washington DC, USA},
booktitle = {2013 IEEE International Symposium on  Robotic and Sensor Environments (ROSE)},
keywords = {robotic sensor networks; risk management; self-organization; critical infrastructure protection; fuzzy logic; genetic algorithms},
month = {October},
year = {2013},
pages = {136-141}
}

@inproceedings{McCausland2014:MOOCIPRSN,
	title = {On the Role of Multi-Objective Optimization in Risk Mitigation for Critical Infrastructures with Robotic Sensor Networks},
	booktitle = {Proceedings of 2014 Genetic and Evolutionary Computation Conference (GECCO)},
	author = {Jamieson McCausland and Rami Abielmona and Rafael Falcon and Ana-Maria Cretu and Emil Petriu},
	year = {2014},
}